<?xml version="1.0" encoding="UTF-8"?><collection xmlns="http://www.loc.gov/MARC21/slim"><record><leader>00580nam--2200193-u-4500</leader><controlfield tag="001">000050635</controlfield><controlfield tag="002">20161230</controlfield><controlfield tag="005">20161230201048</controlfield><controlfield tag="008">080226s1000------------r-----000-0-eng-d</controlfield><datafield ind1=" " ind2=" " tag="040"><subfield code="a">IFIN-HH</subfield></datafield><datafield ind1=" " ind2=" " tag="080"><subfield code="a">536.75:519.2</subfield></datafield><datafield ind1="1" ind2=" " tag="100"><subfield code="a">Laurendeau,Normand M</subfield></datafield><datafield ind1="1" ind2="0" tag="245"><subfield code="a">Statistical Thermodynamics</subfield><subfield code="b">Fundamentals and Applications</subfield><subfield code="c">Normand M. Laurendeau</subfield></datafield><datafield ind1=" " ind2=" " tag="260"><subfield code="a">Cambridge</subfield><subfield code="b">University Press</subfield><subfield code="c">2005</subfield></datafield><datafield ind1=" " ind2=" " tag="300"><subfield code="a">448 p</subfield></datafield><datafield ind1=" " ind2=" " tag="504"><subfield code="a">Includes Bibliographical References and Index</subfield></datafield><datafield ind1=" " ind2="4" tag="650"><subfield code="a">Statistical Thermodynamics</subfield></datafield><datafield ind1=" " ind2=" " tag="852"><subfield code="a">81947</subfield><subfield code="c">536.7</subfield></datafield><datafield ind1=" " ind2=" " tag="CAT"><subfield code="a">Sys</subfield><subfield code="c">20101004</subfield><subfield code="h">123430</subfield></datafield></record></collection>